@book{goossens93,
  author = "Frank Mittelbach and Michel Goossens and Johannes Braams and David Carlisle  and Chris Rowley",
  title = "The {LaTeX} Companion",
  year = "1993",
  publisher = "Addison-Wesley",
  address = "Reading, Massachusetts"
}
@article{preskill2018,
  title = {Quantum {{Computing}} in the {{NISQ}} Era and Beyond},
  author = {Preskill, John},
  date = {2018-08-06},
  journaltitle = {Quantum},
  volume = {2},
  pages = {79},
  publisher = {{Verein zur FÃ¶rderung des Open Access Publizierens in den Quantenwissenschaften}},
  doi = {10.22331/q-2018-08-06-79},
  url = {https://quantum-journal.org/papers/q-2018-08-06-79/},
  urldate = {2022-10-27},
  langid = {british}
}
